<?xml version="1.0" encoding="UTF-8"?><collection xmlns="http://www.loc.gov/MARC21/slim"><record><leader>00386nam--2200121-i-4500</leader><controlfield tag="001">000023294</controlfield><controlfield tag="002">20161230</controlfield><controlfield tag="005">20161230201035</controlfield><controlfield tag="008">060222s1000------------r-----000-0-eng-d</controlfield><datafield ind1=" " ind2=" " tag="100"><subfield code="a">Jankowski, William C., Johnson, Leroy F</subfield></datafield><datafield ind1=" " ind2=" " tag="245"><subfield code="a">Carbon-13 nmr spectra. a collection of assigned, coded and indexed spectra</subfield></datafield><datafield ind1=" " ind2=" " tag="260"><subfield code="a">New York, A Wiley-interscience Publ., 1972, /P.Dif.</subfield></datafield><datafield ind1=" " ind2=" " tag="852"><subfield code="a">38466</subfield></datafield></record></collection>